@inproceedings{zhou2013scalable,
  title={Scalable, high performance ethernet forwarding with cuckooswitch},
  author={Zhou, Dong and Fan, Bin and Lim, Hyeontaek and Kaminsky, Michael and Andersen, David G},
  booktitle={Proceedings of the ninth ACM conference on Emerging networking experiments and technologies},
  pages={97--108},
  year={2013},
  organization={ACM}
}

@inproceedings{zhou2015scaling,
  title={Scaling up clustered network appliances with ScaleBricks},
  author={Zhou, Dong and Fan, Bin and Lim, Hyeontaek and Andersen, David G and Kaminsky, Michael and Mitzenmacher, Michael and Wang, Ren and Singh, Ajaypal},
  booktitle={ACM SIGCOMM Computer Communication Review},
  volume={45},
  number={4},
  pages={241--254},
  year={2015},
  organization={ACM}
}


@article{yu2018memory,
  title={Memory-efficient and ultra-fast network lookup and forwarding using Othello hashing},
  author={Yu, Ye and Belazzougui, Djamal and Qian, Chen and Zhang, Qin},
  journal={IEEE/ACM Transactions on Networking},
  volume={26},
  number={3},
  pages={1151--1164},
  year={2018},
  publisher={IEEE}
}